<?xml version="1.0" encoding="UTF-8"?><record xmlns="http://www.loc.gov/MARC21/slim" xmlns:cinclude="http://apache.org/cocoon/include/1.0" xmlns:zs="http://www.loc.gov/zing/srw/">
  <leader>00673cz  a2200205n  4500</leader>
  <controlfield tag="001">n  96084943 </controlfield>
  <controlfield tag="003">DLC</controlfield>
  <controlfield tag="005">20031114103022.0</controlfield>
  <controlfield tag="008">960903n| acaabaaa           |a ana     c</controlfield>
  <datafield tag="010" ind1=" " ind2=" ">
    <subfield code="a">n  96084943 </subfield>
  </datafield>
  <datafield tag="040" ind1=" " ind2=" ">
    <subfield code="a">CU</subfield>
    <subfield code="b">eng</subfield>
    <subfield code="c">CU</subfield>
    <subfield code="d">DLC</subfield>
  </datafield>
  <datafield tag="130" ind1=" " ind2="0">
    <subfield code="a">Periagoge</subfield>
  </datafield>
  <datafield tag="410" ind1="2" ind2="0">
    <subfield code="a">Universität München.</subfield>
    <subfield code="b">Eric-Voeglin-Archiv.</subfield>
    <subfield code="t">Periagoge</subfield>
  </datafield>
  <datafield tag="643" ind1=" " ind2=" ">
    <subfield code="a">München</subfield>
    <subfield code="b">Fink</subfield>
  </datafield>
  <datafield tag="644" ind1=" " ind2=" ">
    <subfield code="a">f</subfield>
    <subfield code="5">DLC</subfield>
    <subfield code="5">CU</subfield>
  </datafield>
  <datafield tag="645" ind1=" " ind2=" ">
    <subfield code="a">t</subfield>
    <subfield code="5">DLC</subfield>
    <subfield code="5">CU</subfield>
  </datafield>
  <datafield tag="646" ind1=" " ind2=" ">
    <subfield code="a">s</subfield>
    <subfield code="5">DLC</subfield>
    <subfield code="5">CU</subfield>
  </datafield>
  <datafield tag="667" ind1=" " ind2=" ">
    <subfield code="a">Subtitle: Studien</subfield>
  </datafield>
  <datafield tag="670" ind1=" " ind2=" ">
    <subfield code="a">Die Grösse Max Webers, c1995:</subfield>
    <subfield code="b">ser. t.p. (Periagoge; issued by the Eric-Voegelin-Archiv)</subfield>
  </datafield>
  <datafield tag="670" ind1=" " ind2=" ">
    <subfield code="a">Freiheit und Vernunft in der unversöhnten Moderne, c2002:</subfield>
    <subfield code="b">ser. t.p. (Periagoge, Studien)</subfield>
  </datafield>
</record>